@misc{WDBattle,
  title = {Battle. Research in programming Wikidata [Programmirovaniye Vikidannykh]} // Russian Wikiversity,
  year = {2017},
  howpublished = {\url{https://ru.wikiversity.org/wiki/%D0%9F%D1%80%D0%BE%D0%B3%D1%80%D0%B0%D0%BC%D0%BC%D0%B8%D1%80%D0%BE%D0%B2%D0%B0%D0%BD%D0%B8%D0%B5_%D0%92%D0%B8%D0%BA%D0%B8%D0%B4%D0%B0%D0%BD%D0%BD%D1%8B%D1%85/%D0%91%D0%B8%D1%82%D0%B2%D0%B0#.D0.93.D0.B5.D0.BE.D0.B3.D1.80.D0.B0.D1.84.D0.B8.D1.8F_.D0.B2.D0.BE.D0.B5.D0.BD.D0.BD.D1.8B.D1.85_.D0.BA.D0.BE.D0.BD.D1.84.D0.BB.D0.B8.D0.BA.D1.82.D0.BE.D0.B2}},
%  url = {https://ru.wikiversity.org/wiki/%D0%9F%D1%80%D0%BE%D0%B3%D1%80%D0%B0%D0%BC%D0%BC%D0%B8%D1%80%D0%BE%D0%B2%D0%B0%D0%BD%D0%B8%D0%B5_%D0%92%D0%B8%D0%BA%D0%B8%D0%B4%D0%B0%D0%BD%D0%BD%D1%8B%D1%85/%D0%91%D0%B8%D1%82%D0%B2%D0%B0#.D0.93.D0.B5.D0.BE.D0.B3.D1.80.D0.B0.D1.84.D0.B8.D1.8F_.D0.B2.D0.BE.D0.B5.D0.BD.D0.BD.D1.8B.D1.85_.D0.BA.D0.BE.D0.BD.D1.84.D0.BB.D0.B8.D0.BA.D1.82.D0.BE.D0.B2},
  note = {Accessed 23 Feb 2017}
}

